@online{nasmdoc,
    author = {The NASM Authors},
    title = {NASM - The Netwide Assembler},
    url = {https://www.nasm.us/doc/},
}

@online{archwiki,
    title = {QEMU},
    url = {https://wiki.archlinux.org/title/QEMU},
}

@online{wikibooks,
    title = {x86 Assembly/X86 Architecture},
    url =
    {https://en.m.wikibooks.org/wiki/X86_Assembly/X86_Architecture#x86_Architecture},
}

@online{wikipedia,
    title = {BIOS interrupt call},
    chapter = {Purpose of BIOS calls},
    url =
    {https://en.m.wikipedia.org/wiki/BIOS_interrupt_call#Purpose_of_BIOS_calls},
}

@online{osdev,
    title = {System Initialization (x86)},
    url = {https://wiki.osdev.org/System_Initialization_(x86)},
}

@online{inttable,
    title = {Int. Table},
    url = {https://stanislavs.org/helppc/int_table.html},
}
